%YAML 1.1
%TAG !u! tag:unity3d.com,2011:
--- !u!1 &177908731466540814
GameObject:
  m_ObjectHideFlags: 0
  m_CorrespondingSourceObject: {fileID: 0}
  m_PrefabInstance: {fileID: 0}
  m_PrefabAsset: {fileID: 0}
  serializedVersion: 6
  m_Component:
  - component: {fileID: 264358994405717461}
  - component: {fileID: 1223009743970450791}
  - component: {fileID: 4092333737698012363}
  m_Layer: 0
  m_Name: Main Camera
  m_TagString: MainCamera
  m_Icon: {fileID: 0}
  m_NavMeshLayer: 0
  m_StaticEditorFlags: 0
  m_IsActive: 1
--- !u!4 &264358994405717461
Transform:
  m_ObjectHideFlags: 0
  m_CorrespondingSourceObject: {fileID: 0}
  m_PrefabInstance: {fileID: 0}
  m_PrefabAsset: {fileID: 0}
  m_GameObject: {fileID: 177908731466540814}
  serializedVersion: 2
  m_LocalRotation: {x: -0, y: -0, z: -0, w: 1}
  m_LocalPosition: {x: 0, y: 0.79999995, z: 0}
  m_LocalScale: {x: 1, y: 1, z: 1}
  m_ConstrainProportionsScale: 0
  m_Children: []
  m_Father: {fileID: 3295107831020595646}
  m_LocalEulerAnglesHint: {x: 0, y: 0, z: 0}
--- !u!20 &1223009743970450791
Camera:
  m_ObjectHideFlags: 0
  m_CorrespondingSourceObject: {fileID: 0}
  m_PrefabInstance: {fileID: 0}
  m_PrefabAsset: {fileID: 0}
  m_GameObject: {fileID: 177908731466540814}
  m_Enabled: 1
  serializedVersion: 2
  m_ClearFlags: 1
  m_BackGroundColor: {r: 0.19215687, g: 0.3019608, b: 0.4745098, a: 0}
  m_projectionMatrixMode: 1
  m_GateFitMode: 2
  m_FOVAxisMode: 0
  m_Iso: 200
  m_ShutterSpeed: 0.005
  m_Aperture: 16
  m_FocusDistance: 10
  m_FocalLength: 50
  m_BladeCount: 5
  m_Curvature: {x: 2, y: 11}
  m_BarrelClipping: 0.25
  m_Anamorphism: 0
  m_SensorSize: {x: 36, y: 24}
  m_LensShift: {x: 0, y: 0}
  m_NormalizedViewPortRect:
    serializedVersion: 2
    x: 0
    y: 0
    width: 1
    height: 1
  near clip plane: 0.3
  far clip plane: 1000
  field of view: 60
  orthographic: 0
  orthographic size: 5
  m_Depth: -1
  m_CullingMask:
    serializedVersion: 2
    m_Bits: 4294967295
  m_RenderingPath: -1
  m_TargetTexture: {fileID: 0}
  m_TargetDisplay: 0
  m_TargetEye: 3
  m_HDR: 1
  m_AllowMSAA: 1
  m_AllowDynamicResolution: 0
  m_ForceIntoRT: 0
  m_OcclusionCulling: 1
  m_StereoConvergence: 10
  m_StereoSeparation: 0.022
--- !u!81 &4092333737698012363
AudioListener:
  m_ObjectHideFlags: 0
  m_CorrespondingSourceObject: {fileID: 0}
  m_PrefabInstance: {fileID: 0}
  m_PrefabAsset: {fileID: 0}
  m_GameObject: {fileID: 177908731466540814}
  m_Enabled: 1
--- !u!1 &1925267818413250705
GameObject:
  m_ObjectHideFlags: 0
  m_CorrespondingSourceObject: {fileID: 0}
  m_PrefabInstance: {fileID: 0}
  m_PrefabAsset: {fileID: 0}
  serializedVersion: 6
  m_Component:
  - component: {fileID: 3295107831020595646}
  - component: {fileID: 8552350678359240111}
  - component: {fileID: 8012452416001118286}
  - component: {fileID: 7965274446782043860}
  - component: {fileID: 6043843361335931313}
  - component: {fileID: 8992208287477493095}
  m_Layer: 0
  m_Name: Player
  m_TagString: Untagged
  m_Icon: {fileID: 0}
  m_NavMeshLayer: 0
  m_StaticEditorFlags: 0
  m_IsActive: 1
--- !u!4 &3295107831020595646
Transform:
  m_ObjectHideFlags: 0
  m_CorrespondingSourceObject: {fileID: 0}
  m_PrefabInstance: {fileID: 0}
  m_PrefabAsset: {fileID: 0}
  m_GameObject: {fileID: 1925267818413250705}
  serializedVersion: 2
  m_LocalRotation: {x: 0, y: 0, z: 0, w: 1}
  m_LocalPosition: {x: 0, y: 0, z: 0}
  m_LocalScale: {x: 1, y: 1, z: 1}
  m_ConstrainProportionsScale: 0
  m_Children:
  - {fileID: 264358994405717461}
  - {fileID: 5291869306310923762}
  m_Father: {fileID: 0}
  m_LocalEulerAnglesHint: {x: 0, y: 0, z: 0}
--- !u!136 &8552350678359240111
CapsuleCollider:
  m_ObjectHideFlags: 0
  m_CorrespondingSourceObject: {fileID: 0}
  m_PrefabInstance: {fileID: 0}
  m_PrefabAsset: {fileID: 0}
  m_GameObject: {fileID: 1925267818413250705}
  m_Material: {fileID: 0}
  m_IncludeLayers:
    serializedVersion: 2
    m_Bits: 0
  m_ExcludeLayers:
    serializedVersion: 2
    m_Bits: 8
  m_LayerOverridePriority: 0
  m_IsTrigger: 0
  m_ProvidesContacts: 0
  m_Enabled: 1
  serializedVersion: 2
  m_Radius: 0.5
  m_Height: 2
  m_Direction: 1
  m_Center: {x: 0, y: 0, z: 0}
--- !u!114 &8012452416001118286
MonoBehaviour:
  m_ObjectHideFlags: 0
  m_CorrespondingSourceObject: {fileID: 0}
  m_PrefabInstance: {fileID: 0}
  m_PrefabAsset: {fileID: 0}
  m_GameObject: {fileID: 1925267818413250705}
  m_Enabled: 1
  m_EditorHideFlags: 0
  m_Script: {fileID: 11500000, guid: 62899f850307741f2a39c98a8b639597, type: 3}
  m_Name: 
  m_EditorClassIdentifier: 
  m_Actions: {fileID: -944628639613478452, guid: 22f55dc8781dba5458cf8cead454a6cf, type: 3}
  m_NotificationBehavior: 0
  m_UIInputModule: {fileID: 0}
  m_DeviceLostEvent:
    m_PersistentCalls:
      m_Calls: []
  m_DeviceRegainedEvent:
    m_PersistentCalls:
      m_Calls: []
  m_ControlsChangedEvent:
    m_PersistentCalls:
      m_Calls: []
  m_ActionEvents:
  - m_PersistentCalls:
      m_Calls:
      - m_Target: {fileID: 1925267818413250705}
        m_TargetAssemblyTypeName: 
        m_MethodName: 
        m_Mode: 1
        m_Arguments:
          m_ObjectArgument: {fileID: 0}
          m_ObjectArgumentAssemblyTypeName: 
          m_IntArgument: 0
          m_FloatArgument: 0
          m_StringArgument: 
          m_BoolArgument: 0
        m_CallState: 2
    m_ActionId: e55a7ced-5d14-4262-84ae-1854ceebd174
    m_ActionName: Player/Move[/Keyboard/w,/Keyboard/upArrow,/Keyboard/s,/Keyboard/downArrow,/Keyboard/a,/Keyboard/leftArrow,/Keyboard/d,/Keyboard/rightArrow]
  - m_PersistentCalls:
      m_Calls: []
    m_ActionId: fa4199b9-7ae4-43b3-81ee-b3b3e15aa698
    m_ActionName: Player/Choose Joke[/Keyboard/1,/Keyboard/2,/Keyboard/3,/Keyboard/4]
  - m_PersistentCalls:
      m_Calls: []
    m_ActionId: 40d96af6-815c-4980-b89c-4fcf36d8eab9
    m_ActionName: Player/Fire[/Mouse/leftButton]
  - m_PersistentCalls:
      m_Calls: []
    m_ActionId: bf48afec-d1fa-4ecb-ae5d-48fb136429de
    m_ActionName: UI/Navigate[/Keyboard/w,/Keyboard/upArrow,/Keyboard/s,/Keyboard/downArrow,/Keyboard/a,/Keyboard/leftArrow,/Keyboard/d,/Keyboard/rightArrow]
  - m_PersistentCalls:
      m_Calls: []
    m_ActionId: a7852be7-ad89-4d41-8899-af243849a02f
    m_ActionName: UI/Submit[/Keyboard/enter]
  - m_PersistentCalls:
      m_Calls: []
    m_ActionId: 81c67754-d8ca-4378-8326-7e271366ae5c
    m_ActionName: UI/Cancel[/Keyboard/escape]
  - m_PersistentCalls:
      m_Calls: []
    m_ActionId: 559071fa-98de-426c-9bdd-a50fb10d5271
    m_ActionName: UI/Point[/Mouse/position]
  - m_PersistentCalls:
      m_Calls: []
    m_ActionId: ea17ce29-5e06-4589-86ee-b5aa17798447
    m_ActionName: UI/Click[/Mouse/leftButton]
  - m_PersistentCalls:
      m_Calls: []
    m_ActionId: 87814831-8af5-47ee-a39d-625ab2bfeddb
    m_ActionName: UI/ScrollWheel[/Mouse/scroll]
  - m_PersistentCalls:
      m_Calls: []
    m_ActionId: 818982ad-1017-4b00-b98c-85805a945cae
    m_ActionName: UI/MiddleClick[/Mouse/middleButton]
  - m_PersistentCalls:
      m_Calls: []
    m_ActionId: 78db7b8d-50d3-44fe-8135-2a1ab32ccce1
    m_ActionName: UI/RightClick[/Mouse/rightButton]
  - m_PersistentCalls:
      m_Calls: []
    m_ActionId: 964240ac-2651-47c6-b534-3c36251c7fbc
    m_ActionName: UI/TrackedDevicePosition
  - m_PersistentCalls:
      m_Calls: []
    m_ActionId: f372d049-5928-4cc5-98d0-ed8e1af2a631
    m_ActionName: UI/TrackedDeviceOrientation
  - m_PersistentCalls:
      m_Calls: []
    m_ActionId: 86c36e89-2600-4d0c-99de-ff31b150d5d3
    m_ActionName: Player/Look
  m_NeverAutoSwitchControlSchemes: 0
  m_DefaultControlScheme: 
  m_DefaultActionMap: Player
  m_SplitScreenIndex: -1
  m_Camera: {fileID: 1223009743970450791}
--- !u!114 &7965274446782043860
MonoBehaviour:
  m_ObjectHideFlags: 0
  m_CorrespondingSourceObject: {fileID: 0}
  m_PrefabInstance: {fileID: 0}
  m_PrefabAsset: {fileID: 0}
  m_GameObject: {fileID: 1925267818413250705}
  m_Enabled: 1
  m_EditorHideFlags: 0
  m_Script: {fileID: 11500000, guid: 2a5bfaf3d473b6b499104d9f092cd097, type: 3}
  m_Name: 
  m_EditorClassIdentifier: 
  mouseSensitivity: 10
  verticalLookLimit: {x: -1, y: 2}
  walkSpeed: 10
--- !u!54 &6043843361335931313
Rigidbody:
  m_ObjectHideFlags: 0
  m_CorrespondingSourceObject: {fileID: 0}
  m_PrefabInstance: {fileID: 0}
  m_PrefabAsset: {fileID: 0}
  m_GameObject: {fileID: 1925267818413250705}
  serializedVersion: 4
  m_Mass: 10
  m_Drag: 0
  m_AngularDrag: 0.05
  m_CenterOfMass: {x: 0, y: 0, z: 0}
  m_InertiaTensor: {x: 1, y: 1, z: 1}
  m_InertiaRotation: {x: 0, y: 0, z: 0, w: 1}
  m_IncludeLayers:
    serializedVersion: 2
    m_Bits: 0
  m_ExcludeLayers:
    serializedVersion: 2
    m_Bits: 0
  m_ImplicitCom: 1
  m_ImplicitTensor: 1
  m_UseGravity: 1
  m_IsKinematic: 0
  m_Interpolate: 0
  m_Constraints: 124
  m_CollisionDetection: 0
--- !u!114 &8992208287477493095
MonoBehaviour:
  m_ObjectHideFlags: 0
  m_CorrespondingSourceObject: {fileID: 0}
  m_PrefabInstance: {fileID: 0}
  m_PrefabAsset: {fileID: 0}
  m_GameObject: {fileID: 1925267818413250705}
  m_Enabled: 1
  m_EditorHideFlags: 0
  m_Script: {fileID: 11500000, guid: 345aa364b1c8c534cb0a616d653392ce, type: 3}
  m_Name: 
  m_EditorClassIdentifier: 
  jokesPool: 
  IsJokesReady: 0
  projectile: {fileID: 3354551076792204616, guid: a444d9562a7282e45868dadec10fb796, type: 3}
  shootForceForward: 20
  shootForceUp: 3.5
  shootForceRandom: 1.5
--- !u!1001 &6800189018061309572
PrefabInstance:
  m_ObjectHideFlags: 0
  serializedVersion: 2
  m_Modification:
    serializedVersion: 3
    m_TransformParent: {fileID: 3295107831020595646}
    m_Modifications:
    - target: {fileID: 1670660616646955894, guid: cd4228dae84132e40b442f3b54a04001, type: 3}
      propertyPath: m_LocalPosition.x
      value: -0.527
      objectReference: {fileID: 0}
    - target: {fileID: 1670660616646955894, guid: cd4228dae84132e40b442f3b54a04001, type: 3}
      propertyPath: m_LocalPosition.y
      value: 0.556
      objectReference: {fileID: 0}
    - target: {fileID: 1670660616646955894, guid: cd4228dae84132e40b442f3b54a04001, type: 3}
      propertyPath: m_LocalPosition.z
      value: 0.717
      objectReference: {fileID: 0}
    - target: {fileID: 1670660616646955894, guid: cd4228dae84132e40b442f3b54a04001, type: 3}
      propertyPath: m_LocalRotation.w
      value: 0.94497144
      objectReference: {fileID: 0}
    - target: {fileID: 1670660616646955894, guid: cd4228dae84132e40b442f3b54a04001, type: 3}
      propertyPath: m_LocalRotation.x
      value: 0.17168015
      objectReference: {fileID: 0}
    - target: {fileID: 1670660616646955894, guid: cd4228dae84132e40b442f3b54a04001, type: 3}
      propertyPath: m_LocalRotation.y
      value: -0.26361585
      objectReference: {fileID: 0}
    - target: {fileID: 1670660616646955894, guid: cd4228dae84132e40b442f3b54a04001, type: 3}
      propertyPath: m_LocalRotation.z
      value: 0.089786604
      objectReference: {fileID: 0}
    - target: {fileID: 1670660616646955894, guid: cd4228dae84132e40b442f3b54a04001, type: 3}
      propertyPath: m_LocalEulerAnglesHint.x
      value: 0
      objectReference: {fileID: 0}
    - target: {fileID: 1670660616646955894, guid: cd4228dae84132e40b442f3b54a04001, type: 3}
      propertyPath: m_LocalEulerAnglesHint.y
      value: 0
      objectReference: {fileID: 0}
    - target: {fileID: 1670660616646955894, guid: cd4228dae84132e40b442f3b54a04001, type: 3}
      propertyPath: m_LocalEulerAnglesHint.z
      value: 0
      objectReference: {fileID: 0}
    - target: {fileID: 8204344372440777054, guid: cd4228dae84132e40b442f3b54a04001, type: 3}
      propertyPath: m_Name
      value: Phone
      objectReference: {fileID: 0}
    m_RemovedComponents: []
    m_RemovedGameObjects: []
    m_AddedGameObjects: []
    m_AddedComponents: []
  m_SourcePrefab: {fileID: 100100000, guid: cd4228dae84132e40b442f3b54a04001, type: 3}
--- !u!4 &5291869306310923762 stripped
Transform:
  m_CorrespondingSourceObject: {fileID: 1670660616646955894, guid: cd4228dae84132e40b442f3b54a04001, type: 3}
  m_PrefabInstance: {fileID: 6800189018061309572}
  m_PrefabAsset: {fileID: 0}
